<record><leader>00000cas a22000007a 4500</leader><controlfield tag="001">13207777</controlfield><controlfield tag="008">860227d19041932iduwr ne      0    0eng d</controlfield><datafield ind1=" " ind2=" " tag="010"><subfield code="a">sn 86091197 </subfield></datafield><datafield ind1=" " ind2=" " tag="040"><subfield code="a">UNP</subfield><subfield code="b">eng</subfield><subfield code="c">UNP</subfield><subfield code="d">DLC</subfield><subfield code="d">NVB</subfield><subfield code="d">OCLCQ</subfield><subfield code="d">OCLCF</subfield><subfield code="d">OCLCO</subfield><subfield code="d">DLC</subfield></datafield><datafield ind1=" " ind2=" " tag="042"><subfield code="a">msc</subfield></datafield><datafield ind1=" " ind2="4" tag="050"><subfield code="a">AN2.I2</subfield><subfield code="b">I22</subfield></datafield><datafield ind1="0" ind2="4" tag="245"><subfield code="a">The Idaho Republican.</subfield></datafield><datafield ind1=" " ind2=" " tag="260"><subfield code="a">Blackfoot, Idaho :</subfield><subfield code="b">Idaho Republican Pub. Co.</subfield></datafield><datafield ind1=" " ind2=" " tag="300"><subfield code="a">28 v.</subfield></datafield><datafield ind1=" " ind2=" " tag="310"><subfield code="a">Weekly</subfield></datafield><datafield ind1="0" ind2=" " tag="362"><subfield code="a">Vol. 1, no. 1 (July 22, 1904)-v. 28, no. 52 (Dec. 29, 1932).</subfield></datafield><datafield ind1=" " ind2=" " tag="580"><subfield code="a">Daily eds.: Daily Republican (Blackfoot, Idaho), Apr.-Oct. 1927; Daily bulletin (Blackfoot, Idaho), Oct. 1927-1932.</subfield></datafield><datafield ind1=" " ind2=" " tag="580"><subfield code="a">Absorbed: Bingham County news, 1930.</subfield></datafield><datafield ind1=" " ind2="0" tag="651"><subfield code="a">Blackfoot (Idaho)</subfield><subfield code="v">Newspapers.</subfield></datafield><datafield ind1=" " ind2="7" tag="651"><subfield code="a">Idaho</subfield><subfield code="z">Blackfoot.</subfield><subfield code="2">fast</subfield><subfield code="0">(OCoLC)fst01230546</subfield></datafield><datafield ind1=" " ind2="7" tag="655"><subfield code="a">Newspapers.</subfield><subfield code="2">fast</subfield><subfield code="0">(OCoLC)fst01423814</subfield></datafield><datafield ind1=" " ind2=" " tag="752"><subfield code="a">United States</subfield><subfield code="b">Idaho</subfield><subfield code="c">Bingham</subfield><subfield code="d">Blackfoot.</subfield></datafield><datafield ind1="1" ind2=" " tag="775"><subfield code="t">Daily bulletin (Blackfoot, Idaho)</subfield><subfield code="w">(DLC)sn 82006827</subfield><subfield code="w">(OCoLC)8793008</subfield></datafield><datafield ind1="1" ind2=" " tag="775"><subfield code="t">Daily Republican (Blackfoot, Idaho)</subfield><subfield code="w">(DLC)sn 86091198</subfield></datafield><datafield ind1="1" ind2="5" tag="780"><subfield code="t">Bingham County news</subfield><subfield code="x">2381-0777</subfield><subfield code="w">(DLC)sn 86091196</subfield><subfield code="w">(OCoLC)13207662</subfield></datafield><datafield ind1="1" ind2=" " tag="029"><subfield code="a">AU@</subfield><subfield code="b">000025797294</subfield></datafield></record>